<record xmlns="http://www.loc.gov/MARC21/slim" xmlns:xsi="http://www.w3.org/2001/XMLSchema-instance" xsi:schemaLocation="http://www.loc.gov/MARC21/slim http://www.loc.gov/standards/marcxml/schema/MARC21slim.xsd"><leader>     nam a22        4500</leader><controlfield tag="001">3063215</controlfield><controlfield tag="003">NNC</controlfield><controlfield tag="006">m        d        </controlfield><controlfield tag="007">cr cn |||m|||a</controlfield><controlfield tag="008">150316s1928    ua      o     000 0 ara d</controlfield><datafield ind1=" " ind2=" " tag="040"><subfield code="a">NNU</subfield><subfield code="b">eng</subfield><subfield code="e">rda</subfield><subfield code="c">NNU</subfield></datafield><datafield ind1=" " ind2=" " tag="043"><subfield code="a">f-ua---</subfield></datafield><datafield ind1=" " ind2="4" tag="050"><subfield code="a">BP170.25</subfield><subfield code="b">.Q33 1928</subfield></datafield><datafield ind1="1" ind2=" " tag="100"><subfield code="6">880-01</subfield><subfield code="a">Qadri&#772;, Muh&#803;ammad,</subfield><subfield code="d">-1889.</subfield></datafield><datafield ind1="1" ind2="0" tag="245"><subfield code="6">880-02</subfield><subfield code="a">Qa&#772;nu&#772;n al-&#699;adl wa-al-ins&#803;a&#772;f lil-qada&#772;&#700; &#699;ala&#772; mushkila&#772;t al-awqa&#772;f /</subfield><subfield code="c">ta&#700;li&#772;f al-marh&#803;u&#772;m Muh&#803;ammad Qadri&#772; ba&#772;sha&#772;.</subfield></datafield><datafield ind1=" " ind2=" " tag="250"><subfield code="6">880-03</subfield><subfield code="a">al-T&#803;ab&#699;ah 5.</subfield></datafield><datafield ind1=" " ind2=" " tag="260"><subfield code="6">880-04</subfield><subfield code="a">[al-Qa&#772;hirah] :</subfield><subfield code="b">Maktabat al-Ahra&#772;m,</subfield><subfield code="c">1347 h., 1928 m.</subfield></datafield><datafield ind1=" " ind2=" " tag="300"><subfield code="a">online resource (240 pages)</subfield></datafield><datafield ind1=" " ind2=" " tag="336"><subfield code="a">text</subfield><subfield code="2">rdacontent</subfield></datafield><datafield ind1=" " ind2=" " tag="337"><subfield code="a">computer</subfield><subfield code="2">rdamedia</subfield></datafield><datafield ind1=" " ind2=" " tag="338"><subfield code="a">online resource</subfield><subfield code="2">rdacarrier</subfield></datafield><datafield ind1=" " ind2=" " tag="500"><subfield code="a">Part of the Arabic Collections Online (ACO) project, contributed by Columbia University Libraries.</subfield></datafield><datafield ind1=" " ind2=" " tag="533"><subfield code="a">Electronic reproduction.</subfield><subfield code="b">New York, N.Y. :</subfield><subfield code="c">New York University,</subfield><subfield code="d">2015.</subfield><subfield code="5">NNU</subfield></datafield><datafield ind1=" " ind2="0" tag="650"><subfield code="a">Waqf.</subfield></datafield><datafield ind1=" " ind2="0" tag="650"><subfield code="a">Charitable uses, trusts, and foundations (Islamic law)</subfield><subfield code="z">Egypt.</subfield></datafield><datafield ind1=" " ind2="7" tag="650"><subfield code="a">Charitable uses, trusts, and foundations (Islamic law)</subfield><subfield code="2">fast</subfield><subfield code="0">(OCoLC)fst00852398</subfield></datafield><datafield ind1=" " ind2="7" tag="650"><subfield code="a">Waqf.</subfield><subfield code="2">fast</subfield><subfield code="0">(OCoLC)fst01170323</subfield></datafield><datafield ind1=" " ind2="7" tag="651"><subfield code="a">Egypt.</subfield><subfield code="2">fast</subfield><subfield code="0">(OCoLC)fst01208755</subfield></datafield><datafield ind1="2" ind2=" " tag="710"><subfield code="a">Columbia University.</subfield><subfield code="b">Libraries.</subfield></datafield><datafield ind1="0" ind2=" " tag="730"><subfield code="a">Arabic Collections Online.</subfield></datafield><datafield ind1="0" ind2="8" tag="776"><subfield code="i">Print version:</subfield><subfield code="a">Qadri&#772;, Muh&#803;ammad, -1889.</subfield><subfield code="t">Qa&#772;nu&#772;n al-&#699;adl wa-al-ins&#803;a&#772;f lil-qada&#772;&#700; &#699;ala&#772; mushkila&#772;t al-awqa&#772;f</subfield><subfield code="w">(NNC)3063215</subfield><subfield code="w">(OCoLC)47755265</subfield></datafield><datafield ind1="4" ind2="0" tag="856"><subfield code="u">http://hdl.handle.net/2333.1/573n5wkx</subfield></datafield><datafield ind1="1" ind2=" " tag="880"><subfield code="6">100-01/r</subfield><subfield code="a">&#1602;&#1583;&#1585;&#1610;&#1548; &#1605;&#1581;&#1605;&#1583;.</subfield></datafield><datafield ind1="1" ind2="0" tag="880"><subfield code="6">245-02/r</subfield><subfield code="a">&#1602;&#1575;&#1606;&#1608;&#1606; &#1575;&#1604;&#1593;&#1583;&#1604; &#1608;&#1575;&#1604;&#1575;&#1606;&#1589;&#1575;&#1601; &#1604;&#1604;&#1602;&#1590;&#1575;&#1569; &#1593;&#1604;&#1609; &#1605;&#1588;&#1603;&#1604;&#1575;&#1578; &#1575;&#1604;&#1575;&#1608;&#1602;&#1575;&#1601; /</subfield><subfield code="c">&#1578;&#1571;&#1604;&#1610;&#1601; &#1575;&#1604;&#1605;&#1585;&#1581;&#1608;&#1605; &#1605;&#1581;&#1605;&#1583; &#1602;&#1583;&#1585;&#1610; &#1576;&#1575;&#1588;&#1575;.</subfield></datafield><datafield ind1=" " ind2=" " tag="880"><subfield code="6">250-03/r</subfield><subfield code="a">&#1575;&#1604;&#1591;&#1576;&#1593;&#1577; 5.</subfield></datafield><datafield ind1=" " ind2=" " tag="880"><subfield code="6">260-04/r</subfield><subfield code="a">[&#1575;&#1604;&#1602;&#1575;&#1607;&#1585;&#1577;] :</subfield><subfield code="b">&#1605;&#1603;&#1578;&#1576;&#1577; &#1575;&#1604;&#1575;&#1607;&#1585;&#1575;&#1605;&#1548;</subfield><subfield code="c">1347 &#1607;.&#1548; 1928 &#1605;.</subfield></datafield><datafield ind1=" " ind2=" " tag="959"><subfield code="a">NNU</subfield><subfield code="b">WEB</subfield><subfield code="c">GENI</subfield><subfield code="t">0</subfield><subfield code="m">Electronic access</subfield><subfield code="s">01</subfield></datafield><datafield ind1=" " ind2=" " tag="999"><subfield code="i">NNC_3063215</subfield><subfield code="o">(OCoLC)ocm47755265 </subfield><subfield code="s">columbia_aco000350</subfield></datafield></record>